<record><leader>00000cas a22000007a 4500</leader><controlfield tag="001">22460397</controlfield><controlfield tag="008">901002d19251941njuwr ne      0    0eng d</controlfield><datafield ind1=" " ind2=" " tag="010"><subfield code="a">sn 90063036 </subfield></datafield><datafield ind1=" " ind2=" " tag="040"><subfield code="a">NJW</subfield><subfield code="b">eng</subfield><subfield code="c">NJW</subfield><subfield code="d">OCL</subfield><subfield code="d">OCLCQ</subfield></datafield><datafield ind1=" " ind2=" " tag="042"><subfield code="a">msc</subfield></datafield><datafield ind1="0" ind2=" " tag="130"><subfield code="a">Riverside press (Riverside, N.J. : 1925)</subfield></datafield><datafield ind1="1" ind2="4" tag="245"><subfield code="a">The Riverside press.</subfield></datafield><datafield ind1=" " ind2=" " tag="260"><subfield code="a">Riverside, N.J. :</subfield><subfield code="b">Burlington County Pub. Co.</subfield></datafield><datafield ind1=" " ind2=" " tag="300"><subfield code="a">v.</subfield></datafield><datafield ind1=" " ind2=" " tag="310"><subfield code="a">Weekly</subfield></datafield><datafield ind1="1" ind2=" " tag="362"><subfield code="a">Began in 1925? Ceased in 1941.</subfield></datafield><datafield ind1=" " ind2=" " tag="580"><subfield code="a">Merged with: Triple towns tribune, and: River front advertiser, to form: Riverside press and tribune-advertiser.</subfield></datafield><datafield ind1=" " ind2=" " tag="588"><subfield code="a">Description based on: Vol. 38, no. 47 (Jan. 1, 1926).</subfield></datafield><datafield ind1=" " ind2=" " tag="752"><subfield code="a">United States</subfield><subfield code="b">New Jersey</subfield><subfield code="c">Burlington</subfield><subfield code="d">Riverside.</subfield></datafield><datafield ind1="0" ind2="0" tag="780"><subfield code="t">Burlington County press</subfield><subfield code="w">(DLC)sn 90063031</subfield><subfield code="w">(OCoLC)22368648</subfield></datafield><datafield ind1="1" ind2="7" tag="785"><subfield code="t">Triple towns tribune</subfield></datafield><datafield ind1="1" ind2="7" tag="785"><subfield code="t">River front advertiser</subfield><subfield code="w">(DLC)sn 88071351</subfield><subfield code="w">(OCoLC)20955855</subfield></datafield><datafield ind1="1" ind2="7" tag="785"><subfield code="t">Riverside press and tribune-advertiser</subfield><subfield code="w">(DLC)sn 90063015</subfield><subfield code="w">(OCoLC)21134796</subfield></datafield></record>